@article{Paper,
  title={A kilobit hidden SNFS discrete logarithm computation},
  author={Fried, Joshua and Gaudry, Pierrick and Heninger, Nadia and Thom{\'e}, Emmanuel},
  journal={arXiv preprint arXiv:1610.02874},
  year={2016}
}


